<record><leader>00000cas a22000007a 4500</leader><controlfield tag="001">22333502</controlfield><controlfield tag="008">900905d19731976ohuwr ne      0    0eng d</controlfield><datafield ind1=" " ind2=" " tag="010"><subfield code="a">sn 90068455 </subfield></datafield><datafield ind1=" " ind2=" " tag="040"><subfield code="a">ONP</subfield><subfield code="b">eng</subfield><subfield code="c">ONP</subfield><subfield code="d">OCLCQ</subfield></datafield><datafield ind1=" " ind2=" " tag="042"><subfield code="a">msc</subfield></datafield><datafield ind1="0" ind2="0" tag="245"><subfield code="a">Richmond Heights journal.</subfield></datafield><datafield ind1=" " ind2=" " tag="260"><subfield code="a">Euclid, Ohio :</subfield><subfield code="b">Courtland Communications,</subfield><subfield code="c">1973-1976.</subfield></datafield><datafield ind1=" " ind2=" " tag="300"><subfield code="a">v.</subfield></datafield><datafield ind1=" " ind2=" " tag="310"><subfield code="a">Weekly</subfield></datafield><datafield ind1="0" ind2=" " tag="362"><subfield code="a">Vol. 1, no. 1 (Jan. 4, 1973)-v. 4, no. 44 (Oct. 28, 1976).</subfield></datafield><datafield ind1=" " ind2=" " tag="752"><subfield code="a">United States</subfield><subfield code="b">Ohio</subfield><subfield code="c">Cuyahoga</subfield><subfield code="d">Euclid.</subfield></datafield><datafield ind1="0" ind2="0" tag="785"><subfield code="t">Hillcrest journal (Euclid, Ohio)</subfield><subfield code="w">(DLC)sn 90068456</subfield></datafield></record>